<record><leader>00000cas a2200000 a 4500</leader><controlfield tag="001">17005993</controlfield><controlfield tag="008">871119d18981906wauwr ne      0   a0eng d</controlfield><datafield ind1=" " ind2=" " tag="010"><subfield code="a">sn 87093056 </subfield></datafield><datafield ind1=" " ind2=" " tag="040"><subfield code="a">SLZ</subfield><subfield code="b">eng</subfield><subfield code="c">SLZ</subfield><subfield code="d">OCL</subfield><subfield code="d">OCLCQ</subfield><subfield code="d">WRJ</subfield><subfield code="d">WAU</subfield><subfield code="d">DLC</subfield><subfield code="d">OCLCF</subfield></datafield><datafield ind1="0" ind2=" " tag="022"><subfield code="a">2331-9410</subfield><subfield code="2">1</subfield></datafield><datafield ind1="1" ind2=" " tag="029"><subfield code="a">AU@</subfield><subfield code="b">000025838258</subfield></datafield><datafield ind1=" " ind2=" " tag="042"><subfield code="a">msc</subfield><subfield code="a">nsdp</subfield></datafield><datafield ind1=" " ind2=" " tag="043"><subfield code="a">n-us-wa</subfield></datafield><datafield ind1="0" ind2="0" tag="050"><subfield code="a">Newspaper</subfield></datafield><datafield ind1="0" ind2="0" tag="082"><subfield code="a">071</subfield><subfield code="2">23</subfield></datafield><datafield ind1="0" ind2=" " tag="130"><subfield code="a">Adams County news (Ritzville, Wash.)</subfield></datafield><datafield ind1=" " ind2="0" tag="222"><subfield code="a">Adams County news</subfield><subfield code="b">(Ritzville, Wash. Print)</subfield></datafield><datafield ind1="1" ind2="0" tag="245"><subfield code="a">Adams County news.</subfield></datafield><datafield ind1=" " ind2=" " tag="260"><subfield code="a">Ritzville, Wash. :</subfield><subfield code="b">E.D. Gilson</subfield></datafield><datafield ind1=" " ind2=" " tag="300"><subfield code="a">v.</subfield></datafield><datafield ind1=" " ind2=" " tag="310"><subfield code="a">Weekly</subfield></datafield><datafield ind1="0" ind2=" " tag="362"><subfield code="a">Vol. 1, no. 1 (Feb. 3, 1898)-v. 9, no. 42 (Oct. 17, 1906).</subfield></datafield><datafield ind1=" " ind2=" " tag="530"><subfield code="a">Archived issues are available in digital format as part of the Library of Congress Chronicling America online collection.</subfield></datafield><datafield ind1=" " ind2="0" tag="651"><subfield code="a">Ritzville (Wash.)</subfield><subfield code="v">Newspapers.</subfield></datafield><datafield ind1=" " ind2="7" tag="655"><subfield code="a">Newspapers.</subfield><subfield code="2">fast</subfield><subfield code="0">(OCoLC)fst01423814</subfield></datafield><datafield ind1=" " ind2="7" tag="651"><subfield code="a">Washington (State)</subfield><subfield code="z">Ritzville.</subfield><subfield code="2">fast</subfield><subfield code="0">(OCoLC)fst01233875</subfield></datafield><datafield ind1=" " ind2=" " tag="752"><subfield code="a">United States</subfield><subfield code="b">Washington</subfield><subfield code="c">Adams</subfield><subfield code="d">Ritzville.</subfield></datafield><datafield ind1="0" ind2="8" tag="776"><subfield code="i">Online version:</subfield><subfield code="t">Adams County news (Ritzville, Wash. : Online)</subfield><subfield code="x">2331-9429</subfield><subfield code="w">(DLC)  2013272065</subfield><subfield code="w">(OCoLC)862145663</subfield></datafield><datafield ind1="0" ind2="0" tag="785"><subfield code="t">Washington State journal and Adams County news</subfield><subfield code="x">2331-9453</subfield><subfield code="w">(DLC)sn 87093057</subfield><subfield code="w">(OCoLC)17005972</subfield></datafield><datafield ind1="4" ind2="1" tag="856"><subfield code="u">http://chroniclingamerica.loc.gov/lccn/sn87093056/issues</subfield></datafield></record>